%YAML 1.1
%TAG !u! tag:unity3d.com,2011:
--- !u!1 &2994936192847483192
GameObject:
  m_ObjectHideFlags: 0
  m_CorrespondingSourceObject: {fileID: 0}
  m_PrefabInstance: {fileID: 0}
  m_PrefabAsset: {fileID: 0}
  serializedVersion: 6
  m_Component:
  - component: {fileID: 608847363168194613}
  - component: {fileID: -3054493498825689066}
  m_Layer: 0
  m_Name: HorseshoeTop
  m_TagString: Untagged
  m_Icon: {fileID: 0}
  m_NavMeshLayer: 0
  m_StaticEditorFlags: 0
  m_IsActive: 1
--- !u!4 &608847363168194613
Transform:
  m_ObjectHideFlags: 0
  m_CorrespondingSourceObject: {fileID: 0}
  m_PrefabInstance: {fileID: 0}
  m_PrefabAsset: {fileID: 0}
  m_GameObject: {fileID: 2994936192847483192}
  m_LocalRotation: {x: 0, y: 0, z: 0, w: 1}
  m_LocalPosition: {x: 0, y: 0.75, z: 0}
  m_LocalScale: {x: 0.45, y: 0.45, z: 4}
  m_Children:
  - {fileID: 8696518777487750606}
  - {fileID: 2888936348744458387}
  - {fileID: 5681545695922504437}
  - {fileID: 8117823877081687229}
  - {fileID: 7492491757492403107}
  - {fileID: 8440280824934648297}
  m_Father: {fileID: 0}
  m_RootOrder: 0
  m_LocalEulerAnglesHint: {x: 0, y: 0, z: 0}
--- !u!114 &-3054493498825689066
MonoBehaviour:
  m_ObjectHideFlags: 0
  m_CorrespondingSourceObject: {fileID: 0}
  m_PrefabInstance: {fileID: 0}
  m_PrefabAsset: {fileID: 0}
  m_GameObject: {fileID: 2994936192847483192}
  m_Enabled: 1
  m_EditorHideFlags: 0
  m_Script: {fileID: 11500000, guid: 5e284755b5daa3540a87083e0b7f9372, type: 3}
  m_Name: 
  m_EditorClassIdentifier: 
  screenDataState: {fileID: 11400000, guid: 8e8ecd549810a884e92475cfcea8f4fa, type: 2}
--- !u!1001 &4596465078703129068
PrefabInstance:
  m_ObjectHideFlags: 0
  serializedVersion: 2
  m_Modification:
    m_TransformParent: {fileID: 608847363168194613}
    m_Modifications:
    - target: {fileID: 1392792838317247360, guid: e4139223f4f2b1b4e90fd41e6ffdee57,
        type: 3}
      propertyPath: m_Name
      value: RedSquare (1)
      objectReference: {fileID: 0}
    - target: {fileID: 1719949474768757119, guid: e4139223f4f2b1b4e90fd41e6ffdee57,
        type: 3}
      propertyPath: m_LocalPosition.x
      value: -0.25693226
      objectReference: {fileID: 0}
    - target: {fileID: 1719949474768757119, guid: e4139223f4f2b1b4e90fd41e6ffdee57,
        type: 3}
      propertyPath: m_LocalPosition.y
      value: 0.013385296
      objectReference: {fileID: 0}
    - target: {fileID: 1719949474768757119, guid: e4139223f4f2b1b4e90fd41e6ffdee57,
        type: 3}
      propertyPath: m_LocalPosition.z
      value: 6.0137014
      objectReference: {fileID: 0}
    - target: {fileID: 1719949474768757119, guid: e4139223f4f2b1b4e90fd41e6ffdee57,
        type: 3}
      propertyPath: m_LocalRotation.x
      value: -0
      objectReference: {fileID: 0}
    - target: {fileID: 1719949474768757119, guid: e4139223f4f2b1b4e90fd41e6ffdee57,
        type: 3}
      propertyPath: m_LocalRotation.y
      value: -0
      objectReference: {fileID: 0}
    - target: {fileID: 1719949474768757119, guid: e4139223f4f2b1b4e90fd41e6ffdee57,
        type: 3}
      propertyPath: m_LocalRotation.z
      value: -0
      objectReference: {fileID: 0}
    - target: {fileID: 1719949474768757119, guid: e4139223f4f2b1b4e90fd41e6ffdee57,
        type: 3}
      propertyPath: m_LocalRotation.w
      value: 1
      objectReference: {fileID: 0}
    - target: {fileID: 1719949474768757119, guid: e4139223f4f2b1b4e90fd41e6ffdee57,
        type: 3}
      propertyPath: m_RootOrder
      value: 1
      objectReference: {fileID: 0}
    - target: {fileID: 1719949474768757119, guid: e4139223f4f2b1b4e90fd41e6ffdee57,
        type: 3}
      propertyPath: m_LocalEulerAnglesHint.x
      value: 0
      objectReference: {fileID: 0}
    - target: {fileID: 1719949474768757119, guid: e4139223f4f2b1b4e90fd41e6ffdee57,
        type: 3}
      propertyPath: m_LocalEulerAnglesHint.y
      value: 0
      objectReference: {fileID: 0}
    - target: {fileID: 1719949474768757119, guid: e4139223f4f2b1b4e90fd41e6ffdee57,
        type: 3}
      propertyPath: m_LocalEulerAnglesHint.z
      value: 0
      objectReference: {fileID: 0}
    m_RemovedComponents: []
  m_SourcePrefab: {fileID: 100100000, guid: e4139223f4f2b1b4e90fd41e6ffdee57, type: 3}
--- !u!4 &2888936348744458387 stripped
Transform:
  m_CorrespondingSourceObject: {fileID: 1719949474768757119, guid: e4139223f4f2b1b4e90fd41e6ffdee57,
    type: 3}
  m_PrefabInstance: {fileID: 4596465078703129068}
  m_PrefabAsset: {fileID: 0}
--- !u!1001 &6414985530482254730
PrefabInstance:
  m_ObjectHideFlags: 0
  serializedVersion: 2
  m_Modification:
    m_TransformParent: {fileID: 608847363168194613}
    m_Modifications:
    - target: {fileID: 1392792838317247360, guid: e4139223f4f2b1b4e90fd41e6ffdee57,
        type: 3}
      propertyPath: m_Name
      value: RedSquare (2)
      objectReference: {fileID: 0}
    - target: {fileID: 1719949474768757119, guid: e4139223f4f2b1b4e90fd41e6ffdee57,
        type: 3}
      propertyPath: m_LocalPosition.x
      value: 0.24306774
      objectReference: {fileID: 0}
    - target: {fileID: 1719949474768757119, guid: e4139223f4f2b1b4e90fd41e6ffdee57,
        type: 3}
      propertyPath: m_LocalPosition.y
      value: 0.013385296
      objectReference: {fileID: 0}
    - target: {fileID: 1719949474768757119, guid: e4139223f4f2b1b4e90fd41e6ffdee57,
        type: 3}
      propertyPath: m_LocalPosition.z
      value: 6.0137014
      objectReference: {fileID: 0}
    - target: {fileID: 1719949474768757119, guid: e4139223f4f2b1b4e90fd41e6ffdee57,
        type: 3}
      propertyPath: m_LocalRotation.x
      value: -0
      objectReference: {fileID: 0}
    - target: {fileID: 1719949474768757119, guid: e4139223f4f2b1b4e90fd41e6ffdee57,
        type: 3}
      propertyPath: m_LocalRotation.y
      value: -0
      objectReference: {fileID: 0}
    - target: {fileID: 1719949474768757119, guid: e4139223f4f2b1b4e90fd41e6ffdee57,
        type: 3}
      propertyPath: m_LocalRotation.z
      value: -0
      objectReference: {fileID: 0}
    - target: {fileID: 1719949474768757119, guid: e4139223f4f2b1b4e90fd41e6ffdee57,
        type: 3}
      propertyPath: m_LocalRotation.w
      value: 1
      objectReference: {fileID: 0}
    - target: {fileID: 1719949474768757119, guid: e4139223f4f2b1b4e90fd41e6ffdee57,
        type: 3}
      propertyPath: m_RootOrder
      value: 2
      objectReference: {fileID: 0}
    - target: {fileID: 1719949474768757119, guid: e4139223f4f2b1b4e90fd41e6ffdee57,
        type: 3}
      propertyPath: m_LocalEulerAnglesHint.x
      value: 0
      objectReference: {fileID: 0}
    - target: {fileID: 1719949474768757119, guid: e4139223f4f2b1b4e90fd41e6ffdee57,
        type: 3}
      propertyPath: m_LocalEulerAnglesHint.y
      value: 0
      objectReference: {fileID: 0}
    - target: {fileID: 1719949474768757119, guid: e4139223f4f2b1b4e90fd41e6ffdee57,
        type: 3}
      propertyPath: m_LocalEulerAnglesHint.z
      value: 0
      objectReference: {fileID: 0}
    m_RemovedComponents: []
  m_SourcePrefab: {fileID: 100100000, guid: e4139223f4f2b1b4e90fd41e6ffdee57, type: 3}
--- !u!4 &5681545695922504437 stripped
Transform:
  m_CorrespondingSourceObject: {fileID: 1719949474768757119, guid: e4139223f4f2b1b4e90fd41e6ffdee57,
    type: 3}
  m_PrefabInstance: {fileID: 6414985530482254730}
  m_PrefabAsset: {fileID: 0}
--- !u!1001 &7133590064737773718
PrefabInstance:
  m_ObjectHideFlags: 0
  serializedVersion: 2
  m_Modification:
    m_TransformParent: {fileID: 608847363168194613}
    m_Modifications:
    - target: {fileID: 1392792838317247360, guid: e4139223f4f2b1b4e90fd41e6ffdee57,
        type: 3}
      propertyPath: m_Name
      value: RedSquare (5)
      objectReference: {fileID: 0}
    - target: {fileID: 1719949474768757119, guid: e4139223f4f2b1b4e90fd41e6ffdee57,
        type: 3}
      propertyPath: m_LocalPosition.x
      value: -0.75693226
      objectReference: {fileID: 0}
    - target: {fileID: 1719949474768757119, guid: e4139223f4f2b1b4e90fd41e6ffdee57,
        type: 3}
      propertyPath: m_LocalPosition.y
      value: -0.4866147
      objectReference: {fileID: 0}
    - target: {fileID: 1719949474768757119, guid: e4139223f4f2b1b4e90fd41e6ffdee57,
        type: 3}
      propertyPath: m_LocalPosition.z
      value: 6.0137014
      objectReference: {fileID: 0}
    - target: {fileID: 1719949474768757119, guid: e4139223f4f2b1b4e90fd41e6ffdee57,
        type: 3}
      propertyPath: m_LocalRotation.x
      value: -0
      objectReference: {fileID: 0}
    - target: {fileID: 1719949474768757119, guid: e4139223f4f2b1b4e90fd41e6ffdee57,
        type: 3}
      propertyPath: m_LocalRotation.y
      value: -0
      objectReference: {fileID: 0}
    - target: {fileID: 1719949474768757119, guid: e4139223f4f2b1b4e90fd41e6ffdee57,
        type: 3}
      propertyPath: m_LocalRotation.z
      value: -0
      objectReference: {fileID: 0}
    - target: {fileID: 1719949474768757119, guid: e4139223f4f2b1b4e90fd41e6ffdee57,
        type: 3}
      propertyPath: m_LocalRotation.w
      value: 1
      objectReference: {fileID: 0}
    - target: {fileID: 1719949474768757119, guid: e4139223f4f2b1b4e90fd41e6ffdee57,
        type: 3}
      propertyPath: m_RootOrder
      value: 5
      objectReference: {fileID: 0}
    - target: {fileID: 1719949474768757119, guid: e4139223f4f2b1b4e90fd41e6ffdee57,
        type: 3}
      propertyPath: m_LocalEulerAnglesHint.x
      value: 0
      objectReference: {fileID: 0}
    - target: {fileID: 1719949474768757119, guid: e4139223f4f2b1b4e90fd41e6ffdee57,
        type: 3}
      propertyPath: m_LocalEulerAnglesHint.y
      value: 0
      objectReference: {fileID: 0}
    - target: {fileID: 1719949474768757119, guid: e4139223f4f2b1b4e90fd41e6ffdee57,
        type: 3}
      propertyPath: m_LocalEulerAnglesHint.z
      value: 0
      objectReference: {fileID: 0}
    m_RemovedComponents: []
  m_SourcePrefab: {fileID: 100100000, guid: e4139223f4f2b1b4e90fd41e6ffdee57, type: 3}
--- !u!4 &8440280824934648297 stripped
Transform:
  m_CorrespondingSourceObject: {fileID: 1719949474768757119, guid: e4139223f4f2b1b4e90fd41e6ffdee57,
    type: 3}
  m_PrefabInstance: {fileID: 7133590064737773718}
  m_PrefabAsset: {fileID: 0}
--- !u!1001 &7455200251458438594
PrefabInstance:
  m_ObjectHideFlags: 0
  serializedVersion: 2
  m_Modification:
    m_TransformParent: {fileID: 608847363168194613}
    m_Modifications:
    - target: {fileID: 1392792838317247360, guid: e4139223f4f2b1b4e90fd41e6ffdee57,
        type: 3}
      propertyPath: m_Name
      value: RedSquare (3)
      objectReference: {fileID: 0}
    - target: {fileID: 1719949474768757119, guid: e4139223f4f2b1b4e90fd41e6ffdee57,
        type: 3}
      propertyPath: m_LocalPosition.x
      value: 0.74306774
      objectReference: {fileID: 0}
    - target: {fileID: 1719949474768757119, guid: e4139223f4f2b1b4e90fd41e6ffdee57,
        type: 3}
      propertyPath: m_LocalPosition.y
      value: 0.013385296
      objectReference: {fileID: 0}
    - target: {fileID: 1719949474768757119, guid: e4139223f4f2b1b4e90fd41e6ffdee57,
        type: 3}
      propertyPath: m_LocalPosition.z
      value: 6.0137014
      objectReference: {fileID: 0}
    - target: {fileID: 1719949474768757119, guid: e4139223f4f2b1b4e90fd41e6ffdee57,
        type: 3}
      propertyPath: m_LocalRotation.x
      value: -0
      objectReference: {fileID: 0}
    - target: {fileID: 1719949474768757119, guid: e4139223f4f2b1b4e90fd41e6ffdee57,
        type: 3}
      propertyPath: m_LocalRotation.y
      value: -0
      objectReference: {fileID: 0}
    - target: {fileID: 1719949474768757119, guid: e4139223f4f2b1b4e90fd41e6ffdee57,
        type: 3}
      propertyPath: m_LocalRotation.z
      value: -0
      objectReference: {fileID: 0}
    - target: {fileID: 1719949474768757119, guid: e4139223f4f2b1b4e90fd41e6ffdee57,
        type: 3}
      propertyPath: m_LocalRotation.w
      value: 1
      objectReference: {fileID: 0}
    - target: {fileID: 1719949474768757119, guid: e4139223f4f2b1b4e90fd41e6ffdee57,
        type: 3}
      propertyPath: m_RootOrder
      value: 3
      objectReference: {fileID: 0}
    - target: {fileID: 1719949474768757119, guid: e4139223f4f2b1b4e90fd41e6ffdee57,
        type: 3}
      propertyPath: m_LocalEulerAnglesHint.x
      value: 0
      objectReference: {fileID: 0}
    - target: {fileID: 1719949474768757119, guid: e4139223f4f2b1b4e90fd41e6ffdee57,
        type: 3}
      propertyPath: m_LocalEulerAnglesHint.y
      value: 0
      objectReference: {fileID: 0}
    - target: {fileID: 1719949474768757119, guid: e4139223f4f2b1b4e90fd41e6ffdee57,
        type: 3}
      propertyPath: m_LocalEulerAnglesHint.z
      value: 0
      objectReference: {fileID: 0}
    m_RemovedComponents: []
  m_SourcePrefab: {fileID: 100100000, guid: e4139223f4f2b1b4e90fd41e6ffdee57, type: 3}
--- !u!4 &8117823877081687229 stripped
Transform:
  m_CorrespondingSourceObject: {fileID: 1719949474768757119, guid: e4139223f4f2b1b4e90fd41e6ffdee57,
    type: 3}
  m_PrefabInstance: {fileID: 7455200251458438594}
  m_PrefabAsset: {fileID: 0}
--- !u!1001 &8029426859015787697
PrefabInstance:
  m_ObjectHideFlags: 0
  serializedVersion: 2
  m_Modification:
    m_TransformParent: {fileID: 608847363168194613}
    m_Modifications:
    - target: {fileID: 1392792838317247360, guid: e4139223f4f2b1b4e90fd41e6ffdee57,
        type: 3}
      propertyPath: m_Name
      value: RedSquare
      objectReference: {fileID: 0}
    - target: {fileID: 1719949474768757119, guid: e4139223f4f2b1b4e90fd41e6ffdee57,
        type: 3}
      propertyPath: m_LocalPosition.x
      value: -0.75693226
      objectReference: {fileID: 0}
    - target: {fileID: 1719949474768757119, guid: e4139223f4f2b1b4e90fd41e6ffdee57,
        type: 3}
      propertyPath: m_LocalPosition.y
      value: 0.013385296
      objectReference: {fileID: 0}
    - target: {fileID: 1719949474768757119, guid: e4139223f4f2b1b4e90fd41e6ffdee57,
        type: 3}
      propertyPath: m_LocalPosition.z
      value: 6.0137014
      objectReference: {fileID: 0}
    - target: {fileID: 1719949474768757119, guid: e4139223f4f2b1b4e90fd41e6ffdee57,
        type: 3}
      propertyPath: m_LocalRotation.x
      value: -0
      objectReference: {fileID: 0}
    - target: {fileID: 1719949474768757119, guid: e4139223f4f2b1b4e90fd41e6ffdee57,
        type: 3}
      propertyPath: m_LocalRotation.y
      value: -0
      objectReference: {fileID: 0}
    - target: {fileID: 1719949474768757119, guid: e4139223f4f2b1b4e90fd41e6ffdee57,
        type: 3}
      propertyPath: m_LocalRotation.z
      value: -0
      objectReference: {fileID: 0}
    - target: {fileID: 1719949474768757119, guid: e4139223f4f2b1b4e90fd41e6ffdee57,
        type: 3}
      propertyPath: m_LocalRotation.w
      value: 1
      objectReference: {fileID: 0}
    - target: {fileID: 1719949474768757119, guid: e4139223f4f2b1b4e90fd41e6ffdee57,
        type: 3}
      propertyPath: m_RootOrder
      value: 0
      objectReference: {fileID: 0}
    - target: {fileID: 1719949474768757119, guid: e4139223f4f2b1b4e90fd41e6ffdee57,
        type: 3}
      propertyPath: m_LocalEulerAnglesHint.x
      value: 0
      objectReference: {fileID: 0}
    - target: {fileID: 1719949474768757119, guid: e4139223f4f2b1b4e90fd41e6ffdee57,
        type: 3}
      propertyPath: m_LocalEulerAnglesHint.y
      value: 0
      objectReference: {fileID: 0}
    - target: {fileID: 1719949474768757119, guid: e4139223f4f2b1b4e90fd41e6ffdee57,
        type: 3}
      propertyPath: m_LocalEulerAnglesHint.z
      value: 0
      objectReference: {fileID: 0}
    m_RemovedComponents: []
  m_SourcePrefab: {fileID: 100100000, guid: e4139223f4f2b1b4e90fd41e6ffdee57, type: 3}
--- !u!4 &8696518777487750606 stripped
Transform:
  m_CorrespondingSourceObject: {fileID: 1719949474768757119, guid: e4139223f4f2b1b4e90fd41e6ffdee57,
    type: 3}
  m_PrefabInstance: {fileID: 8029426859015787697}
  m_PrefabAsset: {fileID: 0}
--- !u!1001 &8080813846838008540
PrefabInstance:
  m_ObjectHideFlags: 0
  serializedVersion: 2
  m_Modification:
    m_TransformParent: {fileID: 608847363168194613}
    m_Modifications:
    - target: {fileID: 1392792838317247360, guid: e4139223f4f2b1b4e90fd41e6ffdee57,
        type: 3}
      propertyPath: m_Name
      value: RedSquare (4)
      objectReference: {fileID: 0}
    - target: {fileID: 1719949474768757119, guid: e4139223f4f2b1b4e90fd41e6ffdee57,
        type: 3}
      propertyPath: m_LocalPosition.x
      value: 0.74306774
      objectReference: {fileID: 0}
    - target: {fileID: 1719949474768757119, guid: e4139223f4f2b1b4e90fd41e6ffdee57,
        type: 3}
      propertyPath: m_LocalPosition.y
      value: -0.4866147
      objectReference: {fileID: 0}
    - target: {fileID: 1719949474768757119, guid: e4139223f4f2b1b4e90fd41e6ffdee57,
        type: 3}
      propertyPath: m_LocalPosition.z
      value: 6.0137014
      objectReference: {fileID: 0}
    - target: {fileID: 1719949474768757119, guid: e4139223f4f2b1b4e90fd41e6ffdee57,
        type: 3}
      propertyPath: m_LocalRotation.x
      value: -0
      objectReference: {fileID: 0}
    - target: {fileID: 1719949474768757119, guid: e4139223f4f2b1b4e90fd41e6ffdee57,
        type: 3}
      propertyPath: m_LocalRotation.y
      value: -0
      objectReference: {fileID: 0}
    - target: {fileID: 1719949474768757119, guid: e4139223f4f2b1b4e90fd41e6ffdee57,
        type: 3}
      propertyPath: m_LocalRotation.z
      value: -0
      objectReference: {fileID: 0}
    - target: {fileID: 1719949474768757119, guid: e4139223f4f2b1b4e90fd41e6ffdee57,
        type: 3}
      propertyPath: m_LocalRotation.w
      value: 1
      objectReference: {fileID: 0}
    - target: {fileID: 1719949474768757119, guid: e4139223f4f2b1b4e90fd41e6ffdee57,
        type: 3}
      propertyPath: m_RootOrder
      value: 4
      objectReference: {fileID: 0}
    - target: {fileID: 1719949474768757119, guid: e4139223f4f2b1b4e90fd41e6ffdee57,
        type: 3}
      propertyPath: m_LocalEulerAnglesHint.x
      value: 0
      objectReference: {fileID: 0}
    - target: {fileID: 1719949474768757119, guid: e4139223f4f2b1b4e90fd41e6ffdee57,
        type: 3}
      propertyPath: m_LocalEulerAnglesHint.y
      value: 0
      objectReference: {fileID: 0}
    - target: {fileID: 1719949474768757119, guid: e4139223f4f2b1b4e90fd41e6ffdee57,
        type: 3}
      propertyPath: m_LocalEulerAnglesHint.z
      value: 0
      objectReference: {fileID: 0}
    m_RemovedComponents: []
  m_SourcePrefab: {fileID: 100100000, guid: e4139223f4f2b1b4e90fd41e6ffdee57, type: 3}
--- !u!4 &7492491757492403107 stripped
Transform:
  m_CorrespondingSourceObject: {fileID: 1719949474768757119, guid: e4139223f4f2b1b4e90fd41e6ffdee57,
    type: 3}
  m_PrefabInstance: {fileID: 8080813846838008540}
  m_PrefabAsset: {fileID: 0}
