%YAML 1.1
%TAG !u! tag:unity3d.com,2011:
--- !u!1 &3713335697394806962
GameObject:
  m_ObjectHideFlags: 0
  m_CorrespondingSourceObject: {fileID: 0}
  m_PrefabInstance: {fileID: 0}
  m_PrefabAsset: {fileID: 0}
  serializedVersion: 6
  m_Component:
  - component: {fileID: 1327227970025091519}
  - component: {fileID: -1058155964647340633}
  m_Layer: 0
  m_Name: HorseshoeBot
  m_TagString: Untagged
  m_Icon: {fileID: 0}
  m_NavMeshLayer: 0
  m_StaticEditorFlags: 0
  m_IsActive: 1
--- !u!4 &1327227970025091519
Transform:
  m_ObjectHideFlags: 0
  m_CorrespondingSourceObject: {fileID: 0}
  m_PrefabInstance: {fileID: 0}
  m_PrefabAsset: {fileID: 0}
  m_GameObject: {fileID: 3713335697394806962}
  m_LocalRotation: {x: 0, y: 0, z: 0, w: 1}
  m_LocalPosition: {x: 0, y: 0.75, z: 0}
  m_LocalScale: {x: 0.45, y: 0.45, z: 4}
  m_Children:
  - {fileID: 7109055696124499012}
  - {fileID: 7776721944468945470}
  - {fileID: 6590675598735997451}
  - {fileID: 7510249753705450850}
  - {fileID: 7012954100938704151}
  - {fileID: 4519224846639982377}
  m_Father: {fileID: 0}
  m_RootOrder: 0
  m_LocalEulerAnglesHint: {x: 0, y: 0, z: 0}
--- !u!114 &-1058155964647340633
MonoBehaviour:
  m_ObjectHideFlags: 0
  m_CorrespondingSourceObject: {fileID: 0}
  m_PrefabInstance: {fileID: 0}
  m_PrefabAsset: {fileID: 0}
  m_GameObject: {fileID: 3713335697394806962}
  m_Enabled: 1
  m_EditorHideFlags: 0
  m_Script: {fileID: 11500000, guid: 5e284755b5daa3540a87083e0b7f9372, type: 3}
  m_Name: 
  m_EditorClassIdentifier: 
  screenDataState: {fileID: 11400000, guid: 8e8ecd549810a884e92475cfcea8f4fa, type: 2}
--- !u!1001 &1533471837676560864
PrefabInstance:
  m_ObjectHideFlags: 0
  serializedVersion: 2
  m_Modification:
    m_TransformParent: {fileID: 1327227970025091519}
    m_Modifications:
    - target: {fileID: 8787777985177405053, guid: 06c591c6a813f034a81426ae3ce357ba,
        type: 3}
      propertyPath: m_Name
      value: RedSquare (3)
      objectReference: {fileID: 0}
    - target: {fileID: 9042727631527799938, guid: 06c591c6a813f034a81426ae3ce357ba,
        type: 3}
      propertyPath: m_LocalPosition.x
      value: 0.24306774
      objectReference: {fileID: 0}
    - target: {fileID: 9042727631527799938, guid: 06c591c6a813f034a81426ae3ce357ba,
        type: 3}
      propertyPath: m_LocalPosition.y
      value: 0.013385296
      objectReference: {fileID: 0}
    - target: {fileID: 9042727631527799938, guid: 06c591c6a813f034a81426ae3ce357ba,
        type: 3}
      propertyPath: m_LocalPosition.z
      value: 6.0137014
      objectReference: {fileID: 0}
    - target: {fileID: 9042727631527799938, guid: 06c591c6a813f034a81426ae3ce357ba,
        type: 3}
      propertyPath: m_LocalRotation.x
      value: -0
      objectReference: {fileID: 0}
    - target: {fileID: 9042727631527799938, guid: 06c591c6a813f034a81426ae3ce357ba,
        type: 3}
      propertyPath: m_LocalRotation.y
      value: -0
      objectReference: {fileID: 0}
    - target: {fileID: 9042727631527799938, guid: 06c591c6a813f034a81426ae3ce357ba,
        type: 3}
      propertyPath: m_LocalRotation.z
      value: -0
      objectReference: {fileID: 0}
    - target: {fileID: 9042727631527799938, guid: 06c591c6a813f034a81426ae3ce357ba,
        type: 3}
      propertyPath: m_LocalRotation.w
      value: 1
      objectReference: {fileID: 0}
    - target: {fileID: 9042727631527799938, guid: 06c591c6a813f034a81426ae3ce357ba,
        type: 3}
      propertyPath: m_RootOrder
      value: 3
      objectReference: {fileID: 0}
    - target: {fileID: 9042727631527799938, guid: 06c591c6a813f034a81426ae3ce357ba,
        type: 3}
      propertyPath: m_LocalEulerAnglesHint.x
      value: 0
      objectReference: {fileID: 0}
    - target: {fileID: 9042727631527799938, guid: 06c591c6a813f034a81426ae3ce357ba,
        type: 3}
      propertyPath: m_LocalEulerAnglesHint.y
      value: 0
      objectReference: {fileID: 0}
    - target: {fileID: 9042727631527799938, guid: 06c591c6a813f034a81426ae3ce357ba,
        type: 3}
      propertyPath: m_LocalEulerAnglesHint.z
      value: 0
      objectReference: {fileID: 0}
    m_RemovedComponents: []
  m_SourcePrefab: {fileID: 100100000, guid: 06c591c6a813f034a81426ae3ce357ba, type: 3}
--- !u!4 &7510249753705450850 stripped
Transform:
  m_CorrespondingSourceObject: {fileID: 9042727631527799938, guid: 06c591c6a813f034a81426ae3ce357ba,
    type: 3}
  m_PrefabInstance: {fileID: 1533471837676560864}
  m_PrefabAsset: {fileID: 0}
--- !u!1001 &1626450071637497532
PrefabInstance:
  m_ObjectHideFlags: 0
  serializedVersion: 2
  m_Modification:
    m_TransformParent: {fileID: 1327227970025091519}
    m_Modifications:
    - target: {fileID: 8787777985177405053, guid: 06c591c6a813f034a81426ae3ce357ba,
        type: 3}
      propertyPath: m_Name
      value: RedSquare (1)
      objectReference: {fileID: 0}
    - target: {fileID: 9042727631527799938, guid: 06c591c6a813f034a81426ae3ce357ba,
        type: 3}
      propertyPath: m_LocalPosition.x
      value: -0.75693226
      objectReference: {fileID: 0}
    - target: {fileID: 9042727631527799938, guid: 06c591c6a813f034a81426ae3ce357ba,
        type: 3}
      propertyPath: m_LocalPosition.y
      value: 0.5133853
      objectReference: {fileID: 0}
    - target: {fileID: 9042727631527799938, guid: 06c591c6a813f034a81426ae3ce357ba,
        type: 3}
      propertyPath: m_LocalPosition.z
      value: 6.0137014
      objectReference: {fileID: 0}
    - target: {fileID: 9042727631527799938, guid: 06c591c6a813f034a81426ae3ce357ba,
        type: 3}
      propertyPath: m_LocalRotation.x
      value: -0
      objectReference: {fileID: 0}
    - target: {fileID: 9042727631527799938, guid: 06c591c6a813f034a81426ae3ce357ba,
        type: 3}
      propertyPath: m_LocalRotation.y
      value: -0
      objectReference: {fileID: 0}
    - target: {fileID: 9042727631527799938, guid: 06c591c6a813f034a81426ae3ce357ba,
        type: 3}
      propertyPath: m_LocalRotation.z
      value: -0
      objectReference: {fileID: 0}
    - target: {fileID: 9042727631527799938, guid: 06c591c6a813f034a81426ae3ce357ba,
        type: 3}
      propertyPath: m_LocalRotation.w
      value: 1
      objectReference: {fileID: 0}
    - target: {fileID: 9042727631527799938, guid: 06c591c6a813f034a81426ae3ce357ba,
        type: 3}
      propertyPath: m_RootOrder
      value: 1
      objectReference: {fileID: 0}
    - target: {fileID: 9042727631527799938, guid: 06c591c6a813f034a81426ae3ce357ba,
        type: 3}
      propertyPath: m_LocalEulerAnglesHint.x
      value: 0
      objectReference: {fileID: 0}
    - target: {fileID: 9042727631527799938, guid: 06c591c6a813f034a81426ae3ce357ba,
        type: 3}
      propertyPath: m_LocalEulerAnglesHint.y
      value: 0
      objectReference: {fileID: 0}
    - target: {fileID: 9042727631527799938, guid: 06c591c6a813f034a81426ae3ce357ba,
        type: 3}
      propertyPath: m_LocalEulerAnglesHint.z
      value: 0
      objectReference: {fileID: 0}
    m_RemovedComponents: []
  m_SourcePrefab: {fileID: 100100000, guid: 06c591c6a813f034a81426ae3ce357ba, type: 3}
--- !u!4 &7776721944468945470 stripped
Transform:
  m_CorrespondingSourceObject: {fileID: 9042727631527799938, guid: 06c591c6a813f034a81426ae3ce357ba,
    type: 3}
  m_PrefabInstance: {fileID: 1626450071637497532}
  m_PrefabAsset: {fileID: 0}
--- !u!1001 &2030345286567651733
PrefabInstance:
  m_ObjectHideFlags: 0
  serializedVersion: 2
  m_Modification:
    m_TransformParent: {fileID: 1327227970025091519}
    m_Modifications:
    - target: {fileID: 8787777985177405053, guid: 06c591c6a813f034a81426ae3ce357ba,
        type: 3}
      propertyPath: m_Name
      value: RedSquare (4)
      objectReference: {fileID: 0}
    - target: {fileID: 9042727631527799938, guid: 06c591c6a813f034a81426ae3ce357ba,
        type: 3}
      propertyPath: m_LocalPosition.x
      value: 0.74306774
      objectReference: {fileID: 0}
    - target: {fileID: 9042727631527799938, guid: 06c591c6a813f034a81426ae3ce357ba,
        type: 3}
      propertyPath: m_LocalPosition.y
      value: 0.013385296
      objectReference: {fileID: 0}
    - target: {fileID: 9042727631527799938, guid: 06c591c6a813f034a81426ae3ce357ba,
        type: 3}
      propertyPath: m_LocalPosition.z
      value: 6.0137014
      objectReference: {fileID: 0}
    - target: {fileID: 9042727631527799938, guid: 06c591c6a813f034a81426ae3ce357ba,
        type: 3}
      propertyPath: m_LocalRotation.x
      value: -0
      objectReference: {fileID: 0}
    - target: {fileID: 9042727631527799938, guid: 06c591c6a813f034a81426ae3ce357ba,
        type: 3}
      propertyPath: m_LocalRotation.y
      value: -0
      objectReference: {fileID: 0}
    - target: {fileID: 9042727631527799938, guid: 06c591c6a813f034a81426ae3ce357ba,
        type: 3}
      propertyPath: m_LocalRotation.z
      value: -0
      objectReference: {fileID: 0}
    - target: {fileID: 9042727631527799938, guid: 06c591c6a813f034a81426ae3ce357ba,
        type: 3}
      propertyPath: m_LocalRotation.w
      value: 1
      objectReference: {fileID: 0}
    - target: {fileID: 9042727631527799938, guid: 06c591c6a813f034a81426ae3ce357ba,
        type: 3}
      propertyPath: m_RootOrder
      value: 4
      objectReference: {fileID: 0}
    - target: {fileID: 9042727631527799938, guid: 06c591c6a813f034a81426ae3ce357ba,
        type: 3}
      propertyPath: m_LocalEulerAnglesHint.x
      value: 0
      objectReference: {fileID: 0}
    - target: {fileID: 9042727631527799938, guid: 06c591c6a813f034a81426ae3ce357ba,
        type: 3}
      propertyPath: m_LocalEulerAnglesHint.y
      value: 0
      objectReference: {fileID: 0}
    - target: {fileID: 9042727631527799938, guid: 06c591c6a813f034a81426ae3ce357ba,
        type: 3}
      propertyPath: m_LocalEulerAnglesHint.z
      value: 0
      objectReference: {fileID: 0}
    m_RemovedComponents: []
  m_SourcePrefab: {fileID: 100100000, guid: 06c591c6a813f034a81426ae3ce357ba, type: 3}
--- !u!4 &7012954100938704151 stripped
Transform:
  m_CorrespondingSourceObject: {fileID: 9042727631527799938, guid: 06c591c6a813f034a81426ae3ce357ba,
    type: 3}
  m_PrefabInstance: {fileID: 2030345286567651733}
  m_PrefabAsset: {fileID: 0}
--- !u!1001 &2294100927963281606
PrefabInstance:
  m_ObjectHideFlags: 0
  serializedVersion: 2
  m_Modification:
    m_TransformParent: {fileID: 1327227970025091519}
    m_Modifications:
    - target: {fileID: 8787777985177405053, guid: 06c591c6a813f034a81426ae3ce357ba,
        type: 3}
      propertyPath: m_Name
      value: RedSquare
      objectReference: {fileID: 0}
    - target: {fileID: 9042727631527799938, guid: 06c591c6a813f034a81426ae3ce357ba,
        type: 3}
      propertyPath: m_LocalPosition.x
      value: -0.75693226
      objectReference: {fileID: 0}
    - target: {fileID: 9042727631527799938, guid: 06c591c6a813f034a81426ae3ce357ba,
        type: 3}
      propertyPath: m_LocalPosition.y
      value: 0.013385296
      objectReference: {fileID: 0}
    - target: {fileID: 9042727631527799938, guid: 06c591c6a813f034a81426ae3ce357ba,
        type: 3}
      propertyPath: m_LocalPosition.z
      value: 6.0137014
      objectReference: {fileID: 0}
    - target: {fileID: 9042727631527799938, guid: 06c591c6a813f034a81426ae3ce357ba,
        type: 3}
      propertyPath: m_LocalRotation.x
      value: -0
      objectReference: {fileID: 0}
    - target: {fileID: 9042727631527799938, guid: 06c591c6a813f034a81426ae3ce357ba,
        type: 3}
      propertyPath: m_LocalRotation.y
      value: -0
      objectReference: {fileID: 0}
    - target: {fileID: 9042727631527799938, guid: 06c591c6a813f034a81426ae3ce357ba,
        type: 3}
      propertyPath: m_LocalRotation.z
      value: -0
      objectReference: {fileID: 0}
    - target: {fileID: 9042727631527799938, guid: 06c591c6a813f034a81426ae3ce357ba,
        type: 3}
      propertyPath: m_LocalRotation.w
      value: 1
      objectReference: {fileID: 0}
    - target: {fileID: 9042727631527799938, guid: 06c591c6a813f034a81426ae3ce357ba,
        type: 3}
      propertyPath: m_RootOrder
      value: 0
      objectReference: {fileID: 0}
    - target: {fileID: 9042727631527799938, guid: 06c591c6a813f034a81426ae3ce357ba,
        type: 3}
      propertyPath: m_LocalEulerAnglesHint.x
      value: 0
      objectReference: {fileID: 0}
    - target: {fileID: 9042727631527799938, guid: 06c591c6a813f034a81426ae3ce357ba,
        type: 3}
      propertyPath: m_LocalEulerAnglesHint.y
      value: 0
      objectReference: {fileID: 0}
    - target: {fileID: 9042727631527799938, guid: 06c591c6a813f034a81426ae3ce357ba,
        type: 3}
      propertyPath: m_LocalEulerAnglesHint.z
      value: 0
      objectReference: {fileID: 0}
    m_RemovedComponents: []
  m_SourcePrefab: {fileID: 100100000, guid: 06c591c6a813f034a81426ae3ce357ba, type: 3}
--- !u!4 &7109055696124499012 stripped
Transform:
  m_CorrespondingSourceObject: {fileID: 9042727631527799938, guid: 06c591c6a813f034a81426ae3ce357ba,
    type: 3}
  m_PrefabInstance: {fileID: 2294100927963281606}
  m_PrefabAsset: {fileID: 0}
--- !u!1001 &2740704630004291209
PrefabInstance:
  m_ObjectHideFlags: 0
  serializedVersion: 2
  m_Modification:
    m_TransformParent: {fileID: 1327227970025091519}
    m_Modifications:
    - target: {fileID: 8787777985177405053, guid: 06c591c6a813f034a81426ae3ce357ba,
        type: 3}
      propertyPath: m_Name
      value: RedSquare (2)
      objectReference: {fileID: 0}
    - target: {fileID: 9042727631527799938, guid: 06c591c6a813f034a81426ae3ce357ba,
        type: 3}
      propertyPath: m_LocalPosition.x
      value: -0.25693226
      objectReference: {fileID: 0}
    - target: {fileID: 9042727631527799938, guid: 06c591c6a813f034a81426ae3ce357ba,
        type: 3}
      propertyPath: m_LocalPosition.y
      value: 0.013385296
      objectReference: {fileID: 0}
    - target: {fileID: 9042727631527799938, guid: 06c591c6a813f034a81426ae3ce357ba,
        type: 3}
      propertyPath: m_LocalPosition.z
      value: 6.0137014
      objectReference: {fileID: 0}
    - target: {fileID: 9042727631527799938, guid: 06c591c6a813f034a81426ae3ce357ba,
        type: 3}
      propertyPath: m_LocalRotation.x
      value: -0
      objectReference: {fileID: 0}
    - target: {fileID: 9042727631527799938, guid: 06c591c6a813f034a81426ae3ce357ba,
        type: 3}
      propertyPath: m_LocalRotation.y
      value: -0
      objectReference: {fileID: 0}
    - target: {fileID: 9042727631527799938, guid: 06c591c6a813f034a81426ae3ce357ba,
        type: 3}
      propertyPath: m_LocalRotation.z
      value: -0
      objectReference: {fileID: 0}
    - target: {fileID: 9042727631527799938, guid: 06c591c6a813f034a81426ae3ce357ba,
        type: 3}
      propertyPath: m_LocalRotation.w
      value: 1
      objectReference: {fileID: 0}
    - target: {fileID: 9042727631527799938, guid: 06c591c6a813f034a81426ae3ce357ba,
        type: 3}
      propertyPath: m_RootOrder
      value: 2
      objectReference: {fileID: 0}
    - target: {fileID: 9042727631527799938, guid: 06c591c6a813f034a81426ae3ce357ba,
        type: 3}
      propertyPath: m_LocalEulerAnglesHint.x
      value: 0
      objectReference: {fileID: 0}
    - target: {fileID: 9042727631527799938, guid: 06c591c6a813f034a81426ae3ce357ba,
        type: 3}
      propertyPath: m_LocalEulerAnglesHint.y
      value: 0
      objectReference: {fileID: 0}
    - target: {fileID: 9042727631527799938, guid: 06c591c6a813f034a81426ae3ce357ba,
        type: 3}
      propertyPath: m_LocalEulerAnglesHint.z
      value: 0
      objectReference: {fileID: 0}
    m_RemovedComponents: []
  m_SourcePrefab: {fileID: 100100000, guid: 06c591c6a813f034a81426ae3ce357ba, type: 3}
--- !u!4 &6590675598735997451 stripped
Transform:
  m_CorrespondingSourceObject: {fileID: 9042727631527799938, guid: 06c591c6a813f034a81426ae3ce357ba,
    type: 3}
  m_PrefabInstance: {fileID: 2740704630004291209}
  m_PrefabAsset: {fileID: 0}
--- !u!1001 &4884641785936776107
PrefabInstance:
  m_ObjectHideFlags: 0
  serializedVersion: 2
  m_Modification:
    m_TransformParent: {fileID: 1327227970025091519}
    m_Modifications:
    - target: {fileID: 8787777985177405053, guid: 06c591c6a813f034a81426ae3ce357ba,
        type: 3}
      propertyPath: m_Name
      value: RedSquare (5)
      objectReference: {fileID: 0}
    - target: {fileID: 9042727631527799938, guid: 06c591c6a813f034a81426ae3ce357ba,
        type: 3}
      propertyPath: m_LocalPosition.x
      value: 0.74306774
      objectReference: {fileID: 0}
    - target: {fileID: 9042727631527799938, guid: 06c591c6a813f034a81426ae3ce357ba,
        type: 3}
      propertyPath: m_LocalPosition.y
      value: 0.5133853
      objectReference: {fileID: 0}
    - target: {fileID: 9042727631527799938, guid: 06c591c6a813f034a81426ae3ce357ba,
        type: 3}
      propertyPath: m_LocalPosition.z
      value: 6.0137014
      objectReference: {fileID: 0}
    - target: {fileID: 9042727631527799938, guid: 06c591c6a813f034a81426ae3ce357ba,
        type: 3}
      propertyPath: m_LocalRotation.x
      value: -0
      objectReference: {fileID: 0}
    - target: {fileID: 9042727631527799938, guid: 06c591c6a813f034a81426ae3ce357ba,
        type: 3}
      propertyPath: m_LocalRotation.y
      value: -0
      objectReference: {fileID: 0}
    - target: {fileID: 9042727631527799938, guid: 06c591c6a813f034a81426ae3ce357ba,
        type: 3}
      propertyPath: m_LocalRotation.z
      value: -0
      objectReference: {fileID: 0}
    - target: {fileID: 9042727631527799938, guid: 06c591c6a813f034a81426ae3ce357ba,
        type: 3}
      propertyPath: m_LocalRotation.w
      value: 1
      objectReference: {fileID: 0}
    - target: {fileID: 9042727631527799938, guid: 06c591c6a813f034a81426ae3ce357ba,
        type: 3}
      propertyPath: m_RootOrder
      value: 5
      objectReference: {fileID: 0}
    - target: {fileID: 9042727631527799938, guid: 06c591c6a813f034a81426ae3ce357ba,
        type: 3}
      propertyPath: m_LocalEulerAnglesHint.x
      value: 0
      objectReference: {fileID: 0}
    - target: {fileID: 9042727631527799938, guid: 06c591c6a813f034a81426ae3ce357ba,
        type: 3}
      propertyPath: m_LocalEulerAnglesHint.y
      value: 0
      objectReference: {fileID: 0}
    - target: {fileID: 9042727631527799938, guid: 06c591c6a813f034a81426ae3ce357ba,
        type: 3}
      propertyPath: m_LocalEulerAnglesHint.z
      value: 0
      objectReference: {fileID: 0}
    m_RemovedComponents: []
  m_SourcePrefab: {fileID: 100100000, guid: 06c591c6a813f034a81426ae3ce357ba, type: 3}
--- !u!4 &4519224846639982377 stripped
Transform:
  m_CorrespondingSourceObject: {fileID: 9042727631527799938, guid: 06c591c6a813f034a81426ae3ce357ba,
    type: 3}
  m_PrefabInstance: {fileID: 4884641785936776107}
  m_PrefabAsset: {fileID: 0}
