%YAML 1.1
%TAG !u! tag:unity3d.com,2011:
--- !u!1 &4041877802452947081
GameObject:
  m_ObjectHideFlags: 0
  m_CorrespondingSourceObject: {fileID: 0}
  m_PrefabInstance: {fileID: 0}
  m_PrefabAsset: {fileID: 0}
  serializedVersion: 6
  m_Component:
  - component: {fileID: 4041877802452947082}
  - component: {fileID: -8843666538007753450}
  m_Layer: 0
  m_Name: ThreeInARow
  m_TagString: Untagged
  m_Icon: {fileID: 0}
  m_NavMeshLayer: 0
  m_StaticEditorFlags: 4294967295
  m_IsActive: 1
--- !u!4 &4041877802452947082
Transform:
  m_ObjectHideFlags: 0
  m_CorrespondingSourceObject: {fileID: 0}
  m_PrefabInstance: {fileID: 0}
  m_PrefabAsset: {fileID: 0}
  m_GameObject: {fileID: 4041877802452947081}
  m_LocalRotation: {x: -0, y: -0, z: -0, w: 1}
  m_LocalPosition: {x: -1, y: -73, z: 0}
  m_LocalScale: {x: 0.6, y: 0.6, z: 4}
  m_Children:
  - {fileID: 9073738885728840045}
  - {fileID: 4376019982716073793}
  - {fileID: 4600552106602755866}
  m_Father: {fileID: 0}
  m_RootOrder: 0
  m_LocalEulerAnglesHint: {x: 0, y: 0, z: 0}
--- !u!114 &-8843666538007753450
MonoBehaviour:
  m_ObjectHideFlags: 0
  m_CorrespondingSourceObject: {fileID: 0}
  m_PrefabInstance: {fileID: 0}
  m_PrefabAsset: {fileID: 0}
  m_GameObject: {fileID: 4041877802452947081}
  m_Enabled: 1
  m_EditorHideFlags: 0
  m_Script: {fileID: 11500000, guid: 4402c954a60b8bb4d8faf19612e0b8f9, type: 3}
  m_Name: 
  m_EditorClassIdentifier: 
  screenDataState: {fileID: 11400000, guid: 8e8ecd549810a884e92475cfcea8f4fa, type: 2}
--- !u!1001 &429831509587993529
PrefabInstance:
  m_ObjectHideFlags: 0
  serializedVersion: 2
  m_Modification:
    m_TransformParent: {fileID: 4041877802452947082}
    m_Modifications:
    - target: {fileID: 4129149424461829368, guid: 6a5475d36fab0494eb13505b66cd608f,
        type: 3}
      propertyPath: m_LocalPosition.x
      value: 0.5
      objectReference: {fileID: 0}
    - target: {fileID: 4129149424461829368, guid: 6a5475d36fab0494eb13505b66cd608f,
        type: 3}
      propertyPath: m_LocalPosition.y
      value: 0
      objectReference: {fileID: 0}
    - target: {fileID: 4129149424461829368, guid: 6a5475d36fab0494eb13505b66cd608f,
        type: 3}
      propertyPath: m_LocalPosition.z
      value: 0
      objectReference: {fileID: 0}
    - target: {fileID: 4129149424461829368, guid: 6a5475d36fab0494eb13505b66cd608f,
        type: 3}
      propertyPath: m_LocalRotation.x
      value: -0
      objectReference: {fileID: 0}
    - target: {fileID: 4129149424461829368, guid: 6a5475d36fab0494eb13505b66cd608f,
        type: 3}
      propertyPath: m_LocalRotation.y
      value: -0
      objectReference: {fileID: 0}
    - target: {fileID: 4129149424461829368, guid: 6a5475d36fab0494eb13505b66cd608f,
        type: 3}
      propertyPath: m_LocalRotation.z
      value: -0
      objectReference: {fileID: 0}
    - target: {fileID: 4129149424461829368, guid: 6a5475d36fab0494eb13505b66cd608f,
        type: 3}
      propertyPath: m_LocalRotation.w
      value: 1
      objectReference: {fileID: 0}
    - target: {fileID: 4129149424461829368, guid: 6a5475d36fab0494eb13505b66cd608f,
        type: 3}
      propertyPath: m_RootOrder
      value: 1
      objectReference: {fileID: 0}
    - target: {fileID: 4129149424461829368, guid: 6a5475d36fab0494eb13505b66cd608f,
        type: 3}
      propertyPath: m_LocalEulerAnglesHint.x
      value: 0
      objectReference: {fileID: 0}
    - target: {fileID: 4129149424461829368, guid: 6a5475d36fab0494eb13505b66cd608f,
        type: 3}
      propertyPath: m_LocalEulerAnglesHint.y
      value: 0
      objectReference: {fileID: 0}
    - target: {fileID: 4129149424461829368, guid: 6a5475d36fab0494eb13505b66cd608f,
        type: 3}
      propertyPath: m_LocalEulerAnglesHint.z
      value: 0
      objectReference: {fileID: 0}
    - target: {fileID: 4129149424461829371, guid: 6a5475d36fab0494eb13505b66cd608f,
        type: 3}
      propertyPath: m_Name
      value: RedSquare (1)
      objectReference: {fileID: 0}
    - target: {fileID: 4129149424461829371, guid: 6a5475d36fab0494eb13505b66cd608f,
        type: 3}
      propertyPath: m_StaticEditorFlags
      value: 4294967295
      objectReference: {fileID: 0}
    m_RemovedComponents: []
  m_SourcePrefab: {fileID: 100100000, guid: 6a5475d36fab0494eb13505b66cd608f, type: 3}
--- !u!4 &4376019982716073793 stripped
Transform:
  m_CorrespondingSourceObject: {fileID: 4129149424461829368, guid: 6a5475d36fab0494eb13505b66cd608f,
    type: 3}
  m_PrefabInstance: {fileID: 429831509587993529}
  m_PrefabAsset: {fileID: 0}
--- !u!1001 &474529711229576162
PrefabInstance:
  m_ObjectHideFlags: 0
  serializedVersion: 2
  m_Modification:
    m_TransformParent: {fileID: 4041877802452947082}
    m_Modifications:
    - target: {fileID: 4129149424461829368, guid: 6a5475d36fab0494eb13505b66cd608f,
        type: 3}
      propertyPath: m_LocalPosition.x
      value: 1
      objectReference: {fileID: 0}
    - target: {fileID: 4129149424461829368, guid: 6a5475d36fab0494eb13505b66cd608f,
        type: 3}
      propertyPath: m_LocalPosition.y
      value: 0
      objectReference: {fileID: 0}
    - target: {fileID: 4129149424461829368, guid: 6a5475d36fab0494eb13505b66cd608f,
        type: 3}
      propertyPath: m_LocalPosition.z
      value: 0
      objectReference: {fileID: 0}
    - target: {fileID: 4129149424461829368, guid: 6a5475d36fab0494eb13505b66cd608f,
        type: 3}
      propertyPath: m_LocalRotation.x
      value: -0
      objectReference: {fileID: 0}
    - target: {fileID: 4129149424461829368, guid: 6a5475d36fab0494eb13505b66cd608f,
        type: 3}
      propertyPath: m_LocalRotation.y
      value: -0
      objectReference: {fileID: 0}
    - target: {fileID: 4129149424461829368, guid: 6a5475d36fab0494eb13505b66cd608f,
        type: 3}
      propertyPath: m_LocalRotation.z
      value: -0
      objectReference: {fileID: 0}
    - target: {fileID: 4129149424461829368, guid: 6a5475d36fab0494eb13505b66cd608f,
        type: 3}
      propertyPath: m_LocalRotation.w
      value: 1
      objectReference: {fileID: 0}
    - target: {fileID: 4129149424461829368, guid: 6a5475d36fab0494eb13505b66cd608f,
        type: 3}
      propertyPath: m_RootOrder
      value: 2
      objectReference: {fileID: 0}
    - target: {fileID: 4129149424461829368, guid: 6a5475d36fab0494eb13505b66cd608f,
        type: 3}
      propertyPath: m_LocalEulerAnglesHint.x
      value: 0
      objectReference: {fileID: 0}
    - target: {fileID: 4129149424461829368, guid: 6a5475d36fab0494eb13505b66cd608f,
        type: 3}
      propertyPath: m_LocalEulerAnglesHint.y
      value: 0
      objectReference: {fileID: 0}
    - target: {fileID: 4129149424461829368, guid: 6a5475d36fab0494eb13505b66cd608f,
        type: 3}
      propertyPath: m_LocalEulerAnglesHint.z
      value: 0
      objectReference: {fileID: 0}
    - target: {fileID: 4129149424461829371, guid: 6a5475d36fab0494eb13505b66cd608f,
        type: 3}
      propertyPath: m_Name
      value: RedSquare (2)
      objectReference: {fileID: 0}
    - target: {fileID: 4129149424461829371, guid: 6a5475d36fab0494eb13505b66cd608f,
        type: 3}
      propertyPath: m_StaticEditorFlags
      value: 4294967295
      objectReference: {fileID: 0}
    m_RemovedComponents: []
  m_SourcePrefab: {fileID: 100100000, guid: 6a5475d36fab0494eb13505b66cd608f, type: 3}
--- !u!4 &4600552106602755866 stripped
Transform:
  m_CorrespondingSourceObject: {fileID: 4129149424461829368, guid: 6a5475d36fab0494eb13505b66cd608f,
    type: 3}
  m_PrefabInstance: {fileID: 474529711229576162}
  m_PrefabAsset: {fileID: 0}
--- !u!1001 &4945457028589583765
PrefabInstance:
  m_ObjectHideFlags: 0
  serializedVersion: 2
  m_Modification:
    m_TransformParent: {fileID: 4041877802452947082}
    m_Modifications:
    - target: {fileID: 4129149424461829368, guid: 6a5475d36fab0494eb13505b66cd608f,
        type: 3}
      propertyPath: m_LocalPosition.x
      value: 0
      objectReference: {fileID: 0}
    - target: {fileID: 4129149424461829368, guid: 6a5475d36fab0494eb13505b66cd608f,
        type: 3}
      propertyPath: m_LocalPosition.y
      value: 0
      objectReference: {fileID: 0}
    - target: {fileID: 4129149424461829368, guid: 6a5475d36fab0494eb13505b66cd608f,
        type: 3}
      propertyPath: m_LocalPosition.z
      value: 0
      objectReference: {fileID: 0}
    - target: {fileID: 4129149424461829368, guid: 6a5475d36fab0494eb13505b66cd608f,
        type: 3}
      propertyPath: m_LocalRotation.x
      value: -0
      objectReference: {fileID: 0}
    - target: {fileID: 4129149424461829368, guid: 6a5475d36fab0494eb13505b66cd608f,
        type: 3}
      propertyPath: m_LocalRotation.y
      value: -0
      objectReference: {fileID: 0}
    - target: {fileID: 4129149424461829368, guid: 6a5475d36fab0494eb13505b66cd608f,
        type: 3}
      propertyPath: m_LocalRotation.z
      value: -0
      objectReference: {fileID: 0}
    - target: {fileID: 4129149424461829368, guid: 6a5475d36fab0494eb13505b66cd608f,
        type: 3}
      propertyPath: m_LocalRotation.w
      value: 1
      objectReference: {fileID: 0}
    - target: {fileID: 4129149424461829368, guid: 6a5475d36fab0494eb13505b66cd608f,
        type: 3}
      propertyPath: m_RootOrder
      value: 0
      objectReference: {fileID: 0}
    - target: {fileID: 4129149424461829368, guid: 6a5475d36fab0494eb13505b66cd608f,
        type: 3}
      propertyPath: m_LocalEulerAnglesHint.x
      value: 0
      objectReference: {fileID: 0}
    - target: {fileID: 4129149424461829368, guid: 6a5475d36fab0494eb13505b66cd608f,
        type: 3}
      propertyPath: m_LocalEulerAnglesHint.y
      value: 0
      objectReference: {fileID: 0}
    - target: {fileID: 4129149424461829368, guid: 6a5475d36fab0494eb13505b66cd608f,
        type: 3}
      propertyPath: m_LocalEulerAnglesHint.z
      value: 0
      objectReference: {fileID: 0}
    - target: {fileID: 4129149424461829371, guid: 6a5475d36fab0494eb13505b66cd608f,
        type: 3}
      propertyPath: m_Name
      value: RedSquare
      objectReference: {fileID: 0}
    - target: {fileID: 4129149424461829371, guid: 6a5475d36fab0494eb13505b66cd608f,
        type: 3}
      propertyPath: m_StaticEditorFlags
      value: 4294967295
      objectReference: {fileID: 0}
    m_RemovedComponents: []
  m_SourcePrefab: {fileID: 100100000, guid: 6a5475d36fab0494eb13505b66cd608f, type: 3}
--- !u!4 &9073738885728840045 stripped
Transform:
  m_CorrespondingSourceObject: {fileID: 4129149424461829368, guid: 6a5475d36fab0494eb13505b66cd608f,
    type: 3}
  m_PrefabInstance: {fileID: 4945457028589583765}
  m_PrefabAsset: {fileID: 0}
