%YAML 1.1
%TAG !u! tag:unity3d.com,2011:
--- !u!1 &347984659462383179
GameObject:
  m_ObjectHideFlags: 0
  m_CorrespondingSourceObject: {fileID: 0}
  m_PrefabInstance: {fileID: 0}
  m_PrefabAsset: {fileID: 0}
  serializedVersion: 6
  m_Component:
  - component: {fileID: 2681721909082203974}
  - component: {fileID: -8612714780740462240}
  m_Layer: 0
  m_Name: SnakeVerticalLeft
  m_TagString: Untagged
  m_Icon: {fileID: 0}
  m_NavMeshLayer: 0
  m_StaticEditorFlags: 0
  m_IsActive: 1
--- !u!4 &2681721909082203974
Transform:
  m_ObjectHideFlags: 0
  m_CorrespondingSourceObject: {fileID: 0}
  m_PrefabInstance: {fileID: 0}
  m_PrefabAsset: {fileID: 0}
  m_GameObject: {fileID: 347984659462383179}
  m_LocalRotation: {x: -0, y: -0, z: 0.70710677, w: 0.7071068}
  m_LocalPosition: {x: 0, y: 0.75, z: 0}
  m_LocalScale: {x: 0.45, y: 0.45, z: 4}
  m_Children:
  - {fileID: 6193664919481811645}
  - {fileID: 7441482436741471000}
  - {fileID: 327331411505699021}
  - {fileID: 8515363855639782303}
  - {fileID: 2848599355048198111}
  - {fileID: 5376192788684673178}
  m_Father: {fileID: 0}
  m_RootOrder: 0
  m_LocalEulerAnglesHint: {x: 0, y: 0, z: 90}
--- !u!114 &-8612714780740462240
MonoBehaviour:
  m_ObjectHideFlags: 0
  m_CorrespondingSourceObject: {fileID: 0}
  m_PrefabInstance: {fileID: 0}
  m_PrefabAsset: {fileID: 0}
  m_GameObject: {fileID: 347984659462383179}
  m_Enabled: 1
  m_EditorHideFlags: 0
  m_Script: {fileID: 11500000, guid: 0231bcc50cd0654439cfd6f4a328a6db, type: 3}
  m_Name: 
  m_EditorClassIdentifier: 
  screenDataState: {fileID: 11400000, guid: 8e8ecd549810a884e92475cfcea8f4fa, type: 2}
--- !u!1001 &459139773174116223
PrefabInstance:
  m_ObjectHideFlags: 0
  serializedVersion: 2
  m_Modification:
    m_TransformParent: {fileID: 2681721909082203974}
    m_Modifications:
    - target: {fileID: 6996981840619992167, guid: 54140004003c6a841a68bbd3e4df4523,
        type: 3}
      propertyPath: m_LocalPosition.x
      value: -0.25693226
      objectReference: {fileID: 0}
    - target: {fileID: 6996981840619992167, guid: 54140004003c6a841a68bbd3e4df4523,
        type: 3}
      propertyPath: m_LocalPosition.y
      value: 0.013385296
      objectReference: {fileID: 0}
    - target: {fileID: 6996981840619992167, guid: 54140004003c6a841a68bbd3e4df4523,
        type: 3}
      propertyPath: m_LocalPosition.z
      value: 6.0137014
      objectReference: {fileID: 0}
    - target: {fileID: 6996981840619992167, guid: 54140004003c6a841a68bbd3e4df4523,
        type: 3}
      propertyPath: m_LocalRotation.x
      value: -0
      objectReference: {fileID: 0}
    - target: {fileID: 6996981840619992167, guid: 54140004003c6a841a68bbd3e4df4523,
        type: 3}
      propertyPath: m_LocalRotation.y
      value: -0
      objectReference: {fileID: 0}
    - target: {fileID: 6996981840619992167, guid: 54140004003c6a841a68bbd3e4df4523,
        type: 3}
      propertyPath: m_LocalRotation.z
      value: -0
      objectReference: {fileID: 0}
    - target: {fileID: 6996981840619992167, guid: 54140004003c6a841a68bbd3e4df4523,
        type: 3}
      propertyPath: m_LocalRotation.w
      value: 1
      objectReference: {fileID: 0}
    - target: {fileID: 6996981840619992167, guid: 54140004003c6a841a68bbd3e4df4523,
        type: 3}
      propertyPath: m_RootOrder
      value: 1
      objectReference: {fileID: 0}
    - target: {fileID: 6996981840619992167, guid: 54140004003c6a841a68bbd3e4df4523,
        type: 3}
      propertyPath: m_LocalEulerAnglesHint.x
      value: 0
      objectReference: {fileID: 0}
    - target: {fileID: 6996981840619992167, guid: 54140004003c6a841a68bbd3e4df4523,
        type: 3}
      propertyPath: m_LocalEulerAnglesHint.y
      value: 0
      objectReference: {fileID: 0}
    - target: {fileID: 6996981840619992167, guid: 54140004003c6a841a68bbd3e4df4523,
        type: 3}
      propertyPath: m_LocalEulerAnglesHint.z
      value: 0
      objectReference: {fileID: 0}
    - target: {fileID: 7318358962870345368, guid: 54140004003c6a841a68bbd3e4df4523,
        type: 3}
      propertyPath: m_Name
      value: RedSquare (1)
      objectReference: {fileID: 0}
    m_RemovedComponents: []
  m_SourcePrefab: {fileID: 100100000, guid: 54140004003c6a841a68bbd3e4df4523, type: 3}
--- !u!4 &7441482436741471000 stripped
Transform:
  m_CorrespondingSourceObject: {fileID: 6996981840619992167, guid: 54140004003c6a841a68bbd3e4df4523,
    type: 3}
  m_PrefabInstance: {fileID: 459139773174116223}
  m_PrefabAsset: {fileID: 0}
--- !u!1001 &1672774617520887800
PrefabInstance:
  m_ObjectHideFlags: 0
  serializedVersion: 2
  m_Modification:
    m_TransformParent: {fileID: 2681721909082203974}
    m_Modifications:
    - target: {fileID: 6996981840619992167, guid: 54140004003c6a841a68bbd3e4df4523,
        type: 3}
      propertyPath: m_LocalPosition.x
      value: 0.74306774
      objectReference: {fileID: 0}
    - target: {fileID: 6996981840619992167, guid: 54140004003c6a841a68bbd3e4df4523,
        type: 3}
      propertyPath: m_LocalPosition.y
      value: 0.013385296
      objectReference: {fileID: 0}
    - target: {fileID: 6996981840619992167, guid: 54140004003c6a841a68bbd3e4df4523,
        type: 3}
      propertyPath: m_LocalPosition.z
      value: 6.0137014
      objectReference: {fileID: 0}
    - target: {fileID: 6996981840619992167, guid: 54140004003c6a841a68bbd3e4df4523,
        type: 3}
      propertyPath: m_LocalRotation.x
      value: -0
      objectReference: {fileID: 0}
    - target: {fileID: 6996981840619992167, guid: 54140004003c6a841a68bbd3e4df4523,
        type: 3}
      propertyPath: m_LocalRotation.y
      value: -0
      objectReference: {fileID: 0}
    - target: {fileID: 6996981840619992167, guid: 54140004003c6a841a68bbd3e4df4523,
        type: 3}
      propertyPath: m_LocalRotation.z
      value: -0
      objectReference: {fileID: 0}
    - target: {fileID: 6996981840619992167, guid: 54140004003c6a841a68bbd3e4df4523,
        type: 3}
      propertyPath: m_LocalRotation.w
      value: 1
      objectReference: {fileID: 0}
    - target: {fileID: 6996981840619992167, guid: 54140004003c6a841a68bbd3e4df4523,
        type: 3}
      propertyPath: m_RootOrder
      value: 3
      objectReference: {fileID: 0}
    - target: {fileID: 6996981840619992167, guid: 54140004003c6a841a68bbd3e4df4523,
        type: 3}
      propertyPath: m_LocalEulerAnglesHint.x
      value: 0
      objectReference: {fileID: 0}
    - target: {fileID: 6996981840619992167, guid: 54140004003c6a841a68bbd3e4df4523,
        type: 3}
      propertyPath: m_LocalEulerAnglesHint.y
      value: 0
      objectReference: {fileID: 0}
    - target: {fileID: 6996981840619992167, guid: 54140004003c6a841a68bbd3e4df4523,
        type: 3}
      propertyPath: m_LocalEulerAnglesHint.z
      value: 0
      objectReference: {fileID: 0}
    - target: {fileID: 7318358962870345368, guid: 54140004003c6a841a68bbd3e4df4523,
        type: 3}
      propertyPath: m_Name
      value: RedSquare (3)
      objectReference: {fileID: 0}
    m_RemovedComponents: []
  m_SourcePrefab: {fileID: 100100000, guid: 54140004003c6a841a68bbd3e4df4523, type: 3}
--- !u!4 &8515363855639782303 stripped
Transform:
  m_CorrespondingSourceObject: {fileID: 6996981840619992167, guid: 54140004003c6a841a68bbd3e4df4523,
    type: 3}
  m_PrefabInstance: {fileID: 1672774617520887800}
  m_PrefabAsset: {fileID: 0}
--- !u!1001 &3136290066856568061
PrefabInstance:
  m_ObjectHideFlags: 0
  serializedVersion: 2
  m_Modification:
    m_TransformParent: {fileID: 2681721909082203974}
    m_Modifications:
    - target: {fileID: 6996981840619992167, guid: 54140004003c6a841a68bbd3e4df4523,
        type: 3}
      propertyPath: m_LocalPosition.x
      value: -0.75693226
      objectReference: {fileID: 0}
    - target: {fileID: 6996981840619992167, guid: 54140004003c6a841a68bbd3e4df4523,
        type: 3}
      propertyPath: m_LocalPosition.y
      value: -0.4866147
      objectReference: {fileID: 0}
    - target: {fileID: 6996981840619992167, guid: 54140004003c6a841a68bbd3e4df4523,
        type: 3}
      propertyPath: m_LocalPosition.z
      value: 6.0137014
      objectReference: {fileID: 0}
    - target: {fileID: 6996981840619992167, guid: 54140004003c6a841a68bbd3e4df4523,
        type: 3}
      propertyPath: m_LocalRotation.x
      value: -0
      objectReference: {fileID: 0}
    - target: {fileID: 6996981840619992167, guid: 54140004003c6a841a68bbd3e4df4523,
        type: 3}
      propertyPath: m_LocalRotation.y
      value: -0
      objectReference: {fileID: 0}
    - target: {fileID: 6996981840619992167, guid: 54140004003c6a841a68bbd3e4df4523,
        type: 3}
      propertyPath: m_LocalRotation.z
      value: -0
      objectReference: {fileID: 0}
    - target: {fileID: 6996981840619992167, guid: 54140004003c6a841a68bbd3e4df4523,
        type: 3}
      propertyPath: m_LocalRotation.w
      value: 1
      objectReference: {fileID: 0}
    - target: {fileID: 6996981840619992167, guid: 54140004003c6a841a68bbd3e4df4523,
        type: 3}
      propertyPath: m_RootOrder
      value: 5
      objectReference: {fileID: 0}
    - target: {fileID: 6996981840619992167, guid: 54140004003c6a841a68bbd3e4df4523,
        type: 3}
      propertyPath: m_LocalEulerAnglesHint.x
      value: 0
      objectReference: {fileID: 0}
    - target: {fileID: 6996981840619992167, guid: 54140004003c6a841a68bbd3e4df4523,
        type: 3}
      propertyPath: m_LocalEulerAnglesHint.y
      value: 0
      objectReference: {fileID: 0}
    - target: {fileID: 6996981840619992167, guid: 54140004003c6a841a68bbd3e4df4523,
        type: 3}
      propertyPath: m_LocalEulerAnglesHint.z
      value: 0
      objectReference: {fileID: 0}
    - target: {fileID: 7318358962870345368, guid: 54140004003c6a841a68bbd3e4df4523,
        type: 3}
      propertyPath: m_Name
      value: RedSquare (5)
      objectReference: {fileID: 0}
    m_RemovedComponents: []
  m_SourcePrefab: {fileID: 100100000, guid: 54140004003c6a841a68bbd3e4df4523, type: 3}
--- !u!4 &5376192788684673178 stripped
Transform:
  m_CorrespondingSourceObject: {fileID: 6996981840619992167, guid: 54140004003c6a841a68bbd3e4df4523,
    type: 3}
  m_PrefabInstance: {fileID: 3136290066856568061}
  m_PrefabAsset: {fileID: 0}
--- !u!1001 &3814008492965000922
PrefabInstance:
  m_ObjectHideFlags: 0
  serializedVersion: 2
  m_Modification:
    m_TransformParent: {fileID: 2681721909082203974}
    m_Modifications:
    - target: {fileID: 6996981840619992167, guid: 54140004003c6a841a68bbd3e4df4523,
        type: 3}
      propertyPath: m_LocalPosition.x
      value: -0.75693226
      objectReference: {fileID: 0}
    - target: {fileID: 6996981840619992167, guid: 54140004003c6a841a68bbd3e4df4523,
        type: 3}
      propertyPath: m_LocalPosition.y
      value: 0.013385296
      objectReference: {fileID: 0}
    - target: {fileID: 6996981840619992167, guid: 54140004003c6a841a68bbd3e4df4523,
        type: 3}
      propertyPath: m_LocalPosition.z
      value: 6.0137014
      objectReference: {fileID: 0}
    - target: {fileID: 6996981840619992167, guid: 54140004003c6a841a68bbd3e4df4523,
        type: 3}
      propertyPath: m_LocalRotation.x
      value: -0
      objectReference: {fileID: 0}
    - target: {fileID: 6996981840619992167, guid: 54140004003c6a841a68bbd3e4df4523,
        type: 3}
      propertyPath: m_LocalRotation.y
      value: -0
      objectReference: {fileID: 0}
    - target: {fileID: 6996981840619992167, guid: 54140004003c6a841a68bbd3e4df4523,
        type: 3}
      propertyPath: m_LocalRotation.z
      value: -0
      objectReference: {fileID: 0}
    - target: {fileID: 6996981840619992167, guid: 54140004003c6a841a68bbd3e4df4523,
        type: 3}
      propertyPath: m_LocalRotation.w
      value: 1
      objectReference: {fileID: 0}
    - target: {fileID: 6996981840619992167, guid: 54140004003c6a841a68bbd3e4df4523,
        type: 3}
      propertyPath: m_RootOrder
      value: 0
      objectReference: {fileID: 0}
    - target: {fileID: 6996981840619992167, guid: 54140004003c6a841a68bbd3e4df4523,
        type: 3}
      propertyPath: m_LocalEulerAnglesHint.x
      value: 0
      objectReference: {fileID: 0}
    - target: {fileID: 6996981840619992167, guid: 54140004003c6a841a68bbd3e4df4523,
        type: 3}
      propertyPath: m_LocalEulerAnglesHint.y
      value: 0
      objectReference: {fileID: 0}
    - target: {fileID: 6996981840619992167, guid: 54140004003c6a841a68bbd3e4df4523,
        type: 3}
      propertyPath: m_LocalEulerAnglesHint.z
      value: 0
      objectReference: {fileID: 0}
    - target: {fileID: 7318358962870345368, guid: 54140004003c6a841a68bbd3e4df4523,
        type: 3}
      propertyPath: m_Name
      value: RedSquare
      objectReference: {fileID: 0}
    m_RemovedComponents: []
  m_SourcePrefab: {fileID: 100100000, guid: 54140004003c6a841a68bbd3e4df4523, type: 3}
--- !u!4 &6193664919481811645 stripped
Transform:
  m_CorrespondingSourceObject: {fileID: 6996981840619992167, guid: 54140004003c6a841a68bbd3e4df4523,
    type: 3}
  m_PrefabInstance: {fileID: 3814008492965000922}
  m_PrefabAsset: {fileID: 0}
--- !u!1001 &5085135642922224568
PrefabInstance:
  m_ObjectHideFlags: 0
  serializedVersion: 2
  m_Modification:
    m_TransformParent: {fileID: 2681721909082203974}
    m_Modifications:
    - target: {fileID: 6996981840619992167, guid: 54140004003c6a841a68bbd3e4df4523,
        type: 3}
      propertyPath: m_LocalPosition.x
      value: 0.74306774
      objectReference: {fileID: 0}
    - target: {fileID: 6996981840619992167, guid: 54140004003c6a841a68bbd3e4df4523,
        type: 3}
      propertyPath: m_LocalPosition.y
      value: 0.5133853
      objectReference: {fileID: 0}
    - target: {fileID: 6996981840619992167, guid: 54140004003c6a841a68bbd3e4df4523,
        type: 3}
      propertyPath: m_LocalPosition.z
      value: 6.0137014
      objectReference: {fileID: 0}
    - target: {fileID: 6996981840619992167, guid: 54140004003c6a841a68bbd3e4df4523,
        type: 3}
      propertyPath: m_LocalRotation.x
      value: -0
      objectReference: {fileID: 0}
    - target: {fileID: 6996981840619992167, guid: 54140004003c6a841a68bbd3e4df4523,
        type: 3}
      propertyPath: m_LocalRotation.y
      value: -0
      objectReference: {fileID: 0}
    - target: {fileID: 6996981840619992167, guid: 54140004003c6a841a68bbd3e4df4523,
        type: 3}
      propertyPath: m_LocalRotation.z
      value: -0
      objectReference: {fileID: 0}
    - target: {fileID: 6996981840619992167, guid: 54140004003c6a841a68bbd3e4df4523,
        type: 3}
      propertyPath: m_LocalRotation.w
      value: 1
      objectReference: {fileID: 0}
    - target: {fileID: 6996981840619992167, guid: 54140004003c6a841a68bbd3e4df4523,
        type: 3}
      propertyPath: m_RootOrder
      value: 4
      objectReference: {fileID: 0}
    - target: {fileID: 6996981840619992167, guid: 54140004003c6a841a68bbd3e4df4523,
        type: 3}
      propertyPath: m_LocalEulerAnglesHint.x
      value: 0
      objectReference: {fileID: 0}
    - target: {fileID: 6996981840619992167, guid: 54140004003c6a841a68bbd3e4df4523,
        type: 3}
      propertyPath: m_LocalEulerAnglesHint.y
      value: 0
      objectReference: {fileID: 0}
    - target: {fileID: 6996981840619992167, guid: 54140004003c6a841a68bbd3e4df4523,
        type: 3}
      propertyPath: m_LocalEulerAnglesHint.z
      value: 0
      objectReference: {fileID: 0}
    - target: {fileID: 7318358962870345368, guid: 54140004003c6a841a68bbd3e4df4523,
        type: 3}
      propertyPath: m_Name
      value: RedSquare (4)
      objectReference: {fileID: 0}
    m_RemovedComponents: []
  m_SourcePrefab: {fileID: 100100000, guid: 54140004003c6a841a68bbd3e4df4523, type: 3}
--- !u!4 &2848599355048198111 stripped
Transform:
  m_CorrespondingSourceObject: {fileID: 6996981840619992167, guid: 54140004003c6a841a68bbd3e4df4523,
    type: 3}
  m_PrefabInstance: {fileID: 5085135642922224568}
  m_PrefabAsset: {fileID: 0}
--- !u!1001 &7318542662311390378
PrefabInstance:
  m_ObjectHideFlags: 0
  serializedVersion: 2
  m_Modification:
    m_TransformParent: {fileID: 2681721909082203974}
    m_Modifications:
    - target: {fileID: 6996981840619992167, guid: 54140004003c6a841a68bbd3e4df4523,
        type: 3}
      propertyPath: m_LocalPosition.x
      value: 0.24306774
      objectReference: {fileID: 0}
    - target: {fileID: 6996981840619992167, guid: 54140004003c6a841a68bbd3e4df4523,
        type: 3}
      propertyPath: m_LocalPosition.y
      value: 0.013385296
      objectReference: {fileID: 0}
    - target: {fileID: 6996981840619992167, guid: 54140004003c6a841a68bbd3e4df4523,
        type: 3}
      propertyPath: m_LocalPosition.z
      value: 6.0137014
      objectReference: {fileID: 0}
    - target: {fileID: 6996981840619992167, guid: 54140004003c6a841a68bbd3e4df4523,
        type: 3}
      propertyPath: m_LocalRotation.x
      value: -0
      objectReference: {fileID: 0}
    - target: {fileID: 6996981840619992167, guid: 54140004003c6a841a68bbd3e4df4523,
        type: 3}
      propertyPath: m_LocalRotation.y
      value: -0
      objectReference: {fileID: 0}
    - target: {fileID: 6996981840619992167, guid: 54140004003c6a841a68bbd3e4df4523,
        type: 3}
      propertyPath: m_LocalRotation.z
      value: -0
      objectReference: {fileID: 0}
    - target: {fileID: 6996981840619992167, guid: 54140004003c6a841a68bbd3e4df4523,
        type: 3}
      propertyPath: m_LocalRotation.w
      value: 1
      objectReference: {fileID: 0}
    - target: {fileID: 6996981840619992167, guid: 54140004003c6a841a68bbd3e4df4523,
        type: 3}
      propertyPath: m_RootOrder
      value: 2
      objectReference: {fileID: 0}
    - target: {fileID: 6996981840619992167, guid: 54140004003c6a841a68bbd3e4df4523,
        type: 3}
      propertyPath: m_LocalEulerAnglesHint.x
      value: 0
      objectReference: {fileID: 0}
    - target: {fileID: 6996981840619992167, guid: 54140004003c6a841a68bbd3e4df4523,
        type: 3}
      propertyPath: m_LocalEulerAnglesHint.y
      value: 0
      objectReference: {fileID: 0}
    - target: {fileID: 6996981840619992167, guid: 54140004003c6a841a68bbd3e4df4523,
        type: 3}
      propertyPath: m_LocalEulerAnglesHint.z
      value: 0
      objectReference: {fileID: 0}
    - target: {fileID: 7318358962870345368, guid: 54140004003c6a841a68bbd3e4df4523,
        type: 3}
      propertyPath: m_Name
      value: RedSquare (2)
      objectReference: {fileID: 0}
    m_RemovedComponents: []
  m_SourcePrefab: {fileID: 100100000, guid: 54140004003c6a841a68bbd3e4df4523, type: 3}
--- !u!4 &327331411505699021 stripped
Transform:
  m_CorrespondingSourceObject: {fileID: 6996981840619992167, guid: 54140004003c6a841a68bbd3e4df4523,
    type: 3}
  m_PrefabInstance: {fileID: 7318542662311390378}
  m_PrefabAsset: {fileID: 0}
